<?xml version="1.0" encoding="UTF-8"?><collection xmlns="http://www.loc.gov/MARC21/slim"><record><leader>00497nam--2200169-i-4500</leader><controlfield tag="001">000028789</controlfield><controlfield tag="002">20161230</controlfield><controlfield tag="005">20170102170849</controlfield><controlfield tag="008">060222s1000------------r-----000-0-eng-d</controlfield><datafield ind1=" " ind2=" " tag="040"><subfield code="a">IFIN-HH</subfield></datafield><datafield ind1=" " ind2=" " tag="080"><subfield code="a">539.12:539.131</subfield></datafield><datafield ind1="1" ind2=" " tag="100"><subfield code="a">Fry, J.R</subfield></datafield><datafield ind1="1" ind2="0" tag="245"><subfield code="a">Leading particle and charged particle multiplicity in annihilation and non-annihilation interactions</subfield><subfield code="c">J.R. Fry</subfield></datafield><datafield ind1=" " ind2=" " tag="260"><subfield code="a">Liverpool</subfield><subfield code="b">University</subfield><subfield code="c">1972</subfield></datafield><datafield ind1=" " ind2=" " tag="300"><subfield code="a">7P. + 1 FIG</subfield></datafield><datafield ind1=" " ind2=" " tag="852"><subfield code="a">38358</subfield><subfield code="c">539.131</subfield></datafield><datafield ind1=" " ind2=" " tag="CAT"><subfield code="a">SYS</subfield><subfield code="c">20170102</subfield><subfield code="h">170849</subfield></datafield></record></collection>